<?xml version="1.0" encoding="UTF-8"?><collection xmlns="http://www.loc.gov/MARC21/slim"><record><leader>00362nam--2200133-i-4500</leader><controlfield tag="001">000022937</controlfield><controlfield tag="002">20161230</controlfield><controlfield tag="005">20161230201034</controlfield><controlfield tag="008">060222s1000------------r-----000-0-eng-d</controlfield><datafield ind1=" " ind2=" " tag="100"><subfield code="a">Janac, Karel And Vojtasek, Stanislav</subfield></datafield><datafield ind1=" " ind2=" " tag="245"><subfield code="a">Solution of non-linear systems</subfield></datafield><datafield ind1=" " ind2=" " tag="260"><subfield code="a">Praque, Academia, 1969, 246 P</subfield></datafield><datafield ind1=" " ind2=" " tag="852"><subfield code="a">32198</subfield><subfield code="c">517.9</subfield></datafield><datafield ind1=" " ind2=" " tag="CAT"><subfield code="a">Sys</subfield><subfield code="c">20081003</subfield><subfield code="h">085851</subfield></datafield></record></collection>